@incollection{ebel2007advanced,
  title={Advanced air pollution models and their application to risk and impact assessment},
  author={Ebel, Adolf and Memmesheimer, Michael and Jakobs, Hermann J and Feldmann, Hendrik},
  booktitle={Air, Water and Soil Quality Modelling for Risk and Impact Assessment},
  pages={83--92},
  year={2007},
  publisher={Springer}
}

@inproceedings{menut2010atmospheric,
  title={Atmospheric composition forecasting in Europe},
  author={Menut, Laurent and Bessagnet, Bertrand},
  booktitle={Annales Geophysicae},
  volume={28},
  number={1},
  pages={61--74},
  year={2010}
}

@incollection{forster2007changes,
  title={Changes in atmospheric constituents and in radiative forcing. Chapter 2},
  author={Forster, Piers and Ramaswamy, Venkatachalam and Artaxo, Paulo and Berntsen, Terje and Betts, Richard and Fahey, David W and Haywood, James and Lean, Judith and Lowe, David C and Myhre, Gunnar and others},
  booktitle={Climate Change 2007. The Physical Science Basis},
  year={2007}
}

@article{sabziparvar1998changes,
  title={Changes in ultraviolet radiation due to stratospheric and tropospheric ozone changes since preindustrial times},
  author={Sabziparvar, Ali A and Forster, De F and Shine, Keith P},
  journal={Journal of geophysical research},
  volume={103},
  number={D20},
  pages={26107--26113},
  year={1998}
}

@book{seinfeld2006atmospheric,
  title={Atmospheric chemistry and physics. Hoboken},
  author={Seinfeld, John H and Pandis, Spyros N},
  volume={450},
  year={2006},
  publisher={NJ: Wiley}
}

@article{bell2006exposure,
  title={The exposure-response curve for ozone and risk of mortality and the adequacy of current ozone regulations},
  author={Bell, Michelle L and Peng, Roger D and Dominici, Francesca},
  journal={Environmental health perspectives},
  pages={532--536},
  year={2006},
  publisher={JSTOR}
}

@article{fowler2008ground,
  title={Ground-level ozone in the 21st century: future trends, impacts and policy implications},
  author={Fowler, David and Amann, M and Anderson, F and Ashmore, M and Cox, P and Depledge, M and Derwent, D and Grennfelt, P and Hewitt, N and Hov, O and others},
  journal={Royal Society Science Policy Report},
  volume={15},
  number={08},
  year={2008}
}

@article{sitch2007indirect,
  title={Indirect radiative forcing of climate change through ozone effects on the land-carbon sink},
  author={Sitch, S and Cox, PM and Collins, WJ and Huntingford, C},
  journal={Nature},
  volume={448},
  number={7155},
  pages={791--794},
  year={2007},
  publisher={Nature Publishing Group}
}

@Book{mollenhauer2010handbook,
 author = {Mollenhauer, Klaus and Tsch√∂ke, Helmut},
 title = {Handbook of diesel engines},
 publisher = {Springer},
 year = {2010},
 isbn = {9783540890829}
 }
 
@article{Omidvarborna2015113,
title = {NOx emissions from low-temperature combustion of biodiesel made of various feedstocks and blends},
journal = {Fuel Processing Technology},
volume = {140},
pages = {113 - 118},
year = {2015},
issn = {0378-3820},
doi = {http://dx.doi.org/10.1016/j.fuproc.2015.08.031},
url = {http://www.sciencedirect.com/science/article/pii/S0378382015301429},
author = {Hamid Omidvarborna and Ashok Kumar and Dong-Shik Kim},
}

@Book{annamalai2007combustion,
 author = {Annamalai, Kalyan},
 title = {Combustion science and engineering},
 publisher = {CRC Press/Taylor \& Francis},
 year = {2007},
 pages = {775},
 address = {Boca Raton},
 isbn = {9780849320712}
 }
 
 @techreport{epabulletin,
     title = {{Nitrogen Oxides, why and how they are controlled}},
     year = {1999},
     author = {{Clean Air Technology Center} and Information Transfer and Program Integration Division and Office of Air Quality Planning and Standards and U.S. Environmental Protection Agency and Research Triangle Park, North Carolina},
     month = {11},
}

@misc{menut2013chimere,
  title={CHIMERE 2013: a model for regional atmospheric composition modelling, Geosci. Model Dev., 6, 981--1028, doi: 10.5194},
  author={Menut, L and Bessagnet, B and Khvorostyanov, D and Beekmann, M and Blond, N and Colette, A and Coll, I and Curci, G and Foret, G and Hodzic, A and others},
  year={2013},
  publisher={gmd-6-981-2013}
}

@article{beekmann2010modelling,
  title={A modelling study of photochemical regimes over Europe: robustness and variability},
  author={Beekmann, M and Vautard, R},
  journal={Atmos. Chem. Phys},
  volume={10},
  pages={10067--10084},
  year={2010}
}

@article{terrenoire2015high,
  title={High-resolution air quality simulation over Europe with the chemistry transport model CHIMERE},
  author={Terrenoire, E and Bessagnet, B and Rou{\"\i}l, L and Tognet, F and Pirovano, G and L{\'e}tinois, L and Beauchamp, M and Colette, A and Thunis, P and Amann, M and others},
  journal={Geoscientific Model Development},
  volume={8},
  number={1},
  pages={21--42},
  year={2015},
  publisher={Copernicus GmbH}
}

@article{colette2011air,
  title={Air quality trends in Europe over the past decade: a first multi-model assessment},
  author={Colette, Augustin and Granier, Claire and Hodnebrog, {\O}ivind and Jakobs, Hermann and Maurizi, Alberto and Nyiri, Agnes and Bessagnet, Bertrand and D'Angiola, Ariela and D'Isidoro, Massimo and Gauss, Michael and others},
  journal={Atmospheric Chemistry and Physics},
  volume={11},
  number={22},
  pages={11657--11678},
  year={2011},
  publisher={Copernicus GmbH}
}

@article{simpson2012emep,
  title={The EMEP MSC-W chemical transport model--technical description},
  author={Simpson, David and Benedictow, Anna and Berge, Halldis and Bergstr{\"o}m, Robert and Emberson, Lisa D and Fagerli, Hilde and Flechard, Chris R and Hayman, Garry D and Gauss, Michael and Jonson, Jan Eiof and others},
  journal={Atmospheric Chemistry and Physics},
  volume={12},
  number={16},
  pages={7825--7865},
  year={2012},
  publisher={Copernicus GmbH}
}

@article{jonson2006first,
  title={First results from the hemispheric EMEP model and comparison with the global Oslo CTM2 model},
  author={Jonson, J and Wind, P and Gauss, M and Tsyro, S and S{\o}vde, A and Klein, H and Isaksen, I and Tarras{\'o}n, L},
  journal={The Norwegian Meteorological Institute, Oslo, Norway},
  year={2006}
}

@article{fagerli2008trends,
  title={Trends of nitrogen in air and precipitation: Model results and observations at EMEP sites in Europe, 1980--2003},
  author={Fagerli, Hilde and Aas, Wenche},
  journal={Environmental Pollution},
  volume={154},
  number={3},
  pages={448--461},
  year={2008},
  publisher={Elsevier}
}

@article{genberg2013light,
  title={Light-absorbing carbon in Europe--measurement and modelling, with a focus on residential wood combustion emissions},
  author={Genberg, Johan and Denier Van Der Gon, HAC and Simpson, David and Swietlicki, Erik and Areskoug, Hans and Beddows, David and Ceburnis, Darius and Fiebig, Markus and Hansson, Hans-Christen and Harrison, RM and others},
  journal={Atmospheric Chemistry and Physics},
  volume={13},
  number={17},
  pages={8719--8738},
  year={2013},
  publisher={Copernicus GmbH}
}

@book{borrell2012transport,
  title={Transport and Chemical Transformation of Pollutants in the Troposphere: An Overview of the Work of EUROTRAC},
  author={Borrell, Peter and Borrell, Patricia M},
  volume={1},
  year={2012},
  publisher={Springer Science \& Business Media}
}

@article{memmesheimer2004long,
  title={Long-term simulations of particulate matter in Europe on different scales using sequential nesting of a regional model},
  author={Memmesheimer, M and Friese, E and Ebel, A and Jakobs, HJ and Feldmann, H and Kessler, C and Piekorz, G},
  journal={International Journal of Environment and Pollution},
  volume={22},
  number={1-2},
  pages={108--132},
  year={2004},
  publisher={Inderscience Publishers}
}

@article{elbern2007emission,
  title={Emission rate and chemical state estimation by 4-dimensional variational inversion},
  author={Elbern, H and Strunk, A and Schmidt, H and Talagrand, O},
  journal={Atmospheric Chemistry and Physics},
  volume={7},
  number={14},
  pages={3749--3769},
  year={2007},
  publisher={Copernicus GmbH}
}

@article{monteiro2013bias,
  title={Bias correction techniques to improve air quality ensemble predictions: focus on O3 and PM over Portugal},
  author={Monteiro, A and Ribeiro, I and Tchepel, O and S{\'a}, E and Ferreira, J and Carvalho, A and Martins, V and Strunk, A and Galmarini, S and Elbern, H and others},
  journal={Environmental Modeling \& Assessment},
  volume={18},
  number={5},
  pages={533--546},
  year={2013},
  publisher={Springer}
}

@phdthesis{paschalidi2015inverse,
  title={Inverse modelling for the tropospheric chemical state estimation by 4-dimensional variational data assimilation from routinely and campaign platforms},
  author={Paschalidi, Zoi},
  year={2015},
  school={Universit{\"a}t zu K{\"o}ln}
}

@article{schaap2008lotos,
  title={The LOTOS-EUROS model: description, validation and latest developments},
  author={Schaap, Martijn and Timmermans, Renske MA and Roemer, Michiel and Boersen, GAC and Builtjes, Peter and Sauter, Ferd and Velders, Guus and Beck, Jeanette},
  journal={International Journal of Environment and Pollution},
  volume={32},
  number={2},
  pages={270--290},
  year={2008},
  publisher={Inderscience Publishers}
}

@article{de2011six,
  title={Six-day PM 10 air quality forecasts for the Netherlands with the chemistry transport model Lotos-Euros},
  author={de Wildt, Martijn de Ruyter and Eskes, Henk and Manders, Astrid and Sauter, Ferd and Schaap, Martijn and Swart, Daan and van Velthoven, Peter},
  journal={Atmospheric environment},
  volume={45},
  number={31},
  pages={5586--5594},
  year={2011},
  publisher={Elsevier}
}

@article{curier2012improving,
  title={Improving ozone forecasts over Europe by synergistic use of the LOTOS-EUROS chemical transport model and in-situ measurements},
  author={Curier, RL and Timmermans, R and Calabretta-Jongen, S and Eskes, H and Segers, A and Swart, D and Schaap, M},
  journal={Atmospheric environment},
  volume={60},
  pages={217--226},
  year={2012},
  publisher={Elsevier}
}

@article{vlemmix2015max,
  title={MAX-DOAS tropospheric nitrogen dioxide column measurements compared with the Lotos-Euros air quality model},
  author={Vlemmix, T and Eskes, HJ and Piters, AJM and Schaap, M and Sauter, FJ and Kelder, H and Levelt, PF},
  journal={Atmospheric Chemistry and Physics},
  volume={15},
  number={3},
  pages={1313--1330},
  year={2015},
  publisher={Copernicus GmbH}
}

@article{langner1998validation,
  title={Validation of the operational emergency response model at the Swedish meteorological and hydrological institute using data from ETEX and the Chernobyl accident},
  author={Langner, Joakim and Robertson, Lennart and Persson, Christer and Ullerstig, Anders},
  journal={Atmospheric Environment},
  volume={32},
  number={24},
  pages={4325--4333},
  year={1998},
  publisher={Elsevier}
}

@article{josse2004radon,
  title={Radon global simulations with the multiscale chemistry and transport model MOCAGE},
  author={Josse, B and Simon, P and Peuch, V-H},
  journal={Tellus B},
  volume={56},
  number={4},
  pages={339--356},
  year={2004},
  publisher={Wiley Online Library}
}

@article{bousserez2007evaluation,
  title={Evaluation of the MOCAGE chemistry transport model during the ICARTT/ITOP experiment},
  author={Bousserez, N and Atti{\'e}, JL and Peuch, VH and Michou, M and Pfister, G and Edwards, D and Emmons, L and Mari, C and Barret, B and Arnold, SR and others},
  journal={Journal of Geophysical Research: Atmospheres},
  volume={112},
  number={D10},
  year={2007},
  publisher={Wiley Online Library}
}

@article{lacressonniere2014european,
  title={European air quality in the 2030s and 2050s: impacts of global and regional emission trends and of climate change},
  author={Lacressonni{\`e}re, G and Peuch, V-H and Vautard, R and Arteta, J and D{\'e}qu{\'e}, M and Joly, M and Josse, B and Mar{\'e}cal, V and Saint-Martin, D},
  journal={Atmospheric Environment},
  volume={92},
  pages={348--358},
  year={2014},
  publisher={Elsevier}
}

@article{rouil2009prev,
  title={PREV'AIR},
  author={Rouil, Laurence and Honore, C{\'e}cile and Vautard, Robert and Beekmann, Matthias and Bessagnet, Bertrand and Malherbe, Laure and Meleux, Fr{\'e}d{\'e}rik and Dufour, Anne and Elichegaray, Christian and Flaud, Jean-Marie and others},
  journal={Bulletin of the American Meteorological Society},
  volume={90},
  number={1},
  pages={73},
  year={2009},
  publisher={American Meteorological Society}
}

@incollection{sofiev2008construction,
  title={A construction and evaluation of Eulerian dynamic core for the air quality and emergency modelling system SILAM},
  author={Sofiev, Mikhail and Galperin, Michael and Genikhovich, Eugene},
  booktitle={Air Pollution Modeling and Its Application XIX},
  pages={699--701},
  year={2008},
  publisher={Springer}
}