@Book{mollenhauer2010handbook,
 author = {Mollenhauer, Klaus and Tsch√∂ke, Helmut},
 title = {Handbook of diesel engines},
 publisher = {Springer},
 year = {2010},
 address = {Berlin London},
 isbn = {9783540890829}
 }
 
 