@BOOK{ Knuth:TeX,
  author="Knuth, Donald E.",
  title="The {T}e{X} book",
  publisher="Addison-Wesley",
  year=1984
}

@BOOK{ Lamport:LaTeX,
  author="Lamport, Leslie",
  title="{LaTeX}: A Document Preparation System (2nd Edition)",
  publisher="Addison-Wesley",
  year=1994,
  note="See also \cite{Knuth:Tex}."
}

@INBOOK{ Grandstrand,
  author = {O. Grandstrand},
  chapter = {Innovation and Intellectual Property Rights},
  crossref = {Fberg04}
}

@BOOK{ Fberg04,
  editor = {J. Fagerberg and D.C. Mowery and R.R. Nelson}, 
  title = {Oxford Handbook of Innovation},
  booktitle = {Oxford Handbook of Innovation},
  publisher = {Oxford University Press},
  address = {Oxford},
  volume=1,
  year = 2004
}

@book{Goo93,
  author    = "Goossens, Michel and Mittelbach, Frank and Samarin, Alexander",
  title     = "The LaTeX Companion",
  year      = "1993",
  publisher = "Addison-Wesley",
  address   = "Reading, Massachusetts"
}
